%% This BibTeX bibliography file was created using BibDesk.
%% http://bibdesk.sourceforge.net/


%% Created for Biljana Mileva-Boshkoska at 2012-08-09 16:05:05 +0200 


%% Saved with string encoding Unicode (UTF-8) 



@article{BiljanaIJDSST2012,
	Author = {Biljana MILEVA-BOSHKOSKA and Marko BOHANEC  },
	Date-Added = {2012-07-02 15:10:45 +0200},
	Date-Modified = {2012-08-09 16:04:09 +0200},
	Journal = {International Journal of Decision Support System Technology},
	Title = {A method for ranking non-linear qualitative decision preferences using copulas},
	Volume = {2},
	Year = {2012}}

@conference{BiljanaORconf2011,
	Author = {Biljana MILEVA-BOSHKOSKA and Marko BOHANEC  },
	Booktitle = {International Conference on Operations Research, August 30 to September 2, 2011, Zurich, CH. Book of abstracts.},
	Date-Added = {2012-07-02 15:02:48 +0200},
	Date-Modified = {2012-08-09 16:05:05 +0200},
	Editor = {OR 2011},
	Pages = {32},
	Publisher = {Zurich: IFOR: = Institute for Operations Research},
	Title = {Ranking of qualitative decision options using copulas},
	Year = {2011}}

@conference{BiljanaEWGDSS2011,
	Author = {Biljana MILEVA-BOSHKOSKA and Marko BOHANEC  },
	Booktitle = {Proceedings of the EWG-DSS London-2011 Workshop on Decision Systems, June 23rd-24th, 2011, London},
	Date-Added = {2012-07-02 14:57:42 +0200},
	Date-Modified = {2012-08-09 16:04:43 +0200},
	Editor = {DARGAM F},
	Pages = {48},
	Publisher = {Toulouse: IRIT: = Institut de Research en Informatique de Toulouse},
	Title = {Ranking of non-linear qualitative decision preferences using copulas},
	Year = {2011}}

@conference{Biljana2010,
	Author = {Biljana MILEVA-BOSHKOSKA and Marko BOHANEC  },
	Booktitle = {Zbornik 13. mednarodne multikonference Informacijska dru{\v z}ba - IS 2010, 11.-15. oktober 2010 : zvezek A : volume A, (Informacijska dru{\v z}ba)},
	Date-Added = {2012-07-02 14:46:02 +0200},
	Date-Modified = {2012-08-09 16:04:13 +0200},
	Editor = {BOHANEC Marko and GAMS Matja{\v z} and RAJKOVI{\v C} Vladislav and URBAN{\v C}I{\v C} Tanja and BERNIK Mojca and MLADENI{\'C} Dunja and GROBELNIK Marko and HERI{\v C}KO Marjan and KORDE{\v S} Urban and MARKI{\v C} Olga and LENAR{\v C}I{\v C} Jadran and {\v Z}LAJPAH Leon and GAMS Andrej and BRODNIK Andrej},
	Pages = {31-34},
	Publisher = {Ljubljana: Institut Jo{\v z}ef Stefan},
	Title = {Non-linear methods for ranking qualitative non-monotone decision preferences},
	Year = {2010}}

@conference{BiljanaIPSSC2011,
	Address = {Ljubljana: Mednarodna podiplomska {\v s}ola Jo{\v z}efa Stefana},
	Author = {Biljana MILEVA-BOSHKOSKA and Marko BOHANEC  },
	Booktitle = {3. {\v s}tudentska konferenca Mednarodne podiplomske {\v s}ole Jo{\v z}efa Stefana = 3rd Jo{\v z}ef Stefan International Postgraduate School Students Conference, 25. maj 2011, Ljubljana, Slovenija. Zbornik prispevkov.},
	Date-Added = {2012-07-02 14:42:48 +0200},
	Date-Modified = {2012-08-09 16:04:50 +0200},
	Editor = {PETELIN Dejan and TAV{\v C}AR Ale{\v s} and RO{\v Z}I{\v C} Brigita and POGORELC Bogdan},
	Pages = {91-97},
	Title = {Copula regression based ranking of non-linear decision options},
	Year = {2011}}

@conference{BiljanaOR2011,
	Author = {Biljana MILEVA-BOSHKOSKA and Marko BOHANEC  },
	Booktitle = {Operations research proceedings 2011 : selected papers of the International Conference on Operations Research (OR 2011), August 30 - September 2, 2011, Zurich, Switzerland, (Operations research proceedings)},
	Date-Added = {2012-07-02 14:29:19 +0200},
	Date-Modified = {2012-08-09 16:04:57 +0200},
	Editor = {KLATTE Diethard},
	Pages = {103-108},
	Publisher = {Berlin; Heidelberg},
	Title = {Ranking of qualitative decision options using copulas},
	Year = {2012}}

@conference{BiljanaDSS2012,
	Author = {Biljana MILEVA-BOSHKOSKA and Marko BOHANEC and Martin {\v Z}NIDAR{\v S}I{\v C}},
	Booktitle = {Fusing decision support systems into the fabric of the context: [presented at 16th IFIP WG8.3 International Conference on Decision Support Systems, June 28-30 2012, An{\'a}vissos, Greece]},
	Date-Added = {2012-07-02 14:29:12 +0200},
	Date-Modified = {2012-08-09 16:04:31 +0200},
	Editor = {RESP{\'I}CIO Ana and BURSTEIN Frada},
	Pages = {175-184},
	Publisher = {Amsterdam: IOS Press},
	Title = {Experimental evaluation of methods for ranking qualitatively assesed data-mining worksflows.},
	Volume = {(Frontiers in artificial intelligence and applications, vol. 238)},
	Year = {2012}}
