%% This BibTeX bibliography file was created using BibDesk.
%% http://bibdesk.sourceforge.net/


%% Created for Biljana Mileva-Boshkoska at 2012-11-19 13:26:22 +0100 


%% Saved with string encoding Unicode (UTF-8) 



@book{BohanecBook,
	Address = {Ljubljana},
	Author = {Marko Bohanec},
	Date-Added = {2012-11-19 13:25:24 +0100},
	Date-Modified = {2012-11-19 13:25:24 +0100},
	Owner = {bibe},
	Publisher = {DMFA},
	Timestamp = {2009.11.15},
	Title = {Odlo\v{c}anje in modeli},
	Year = {2006}}

@article{Barron1996,
	Author = {F.H. Barron and B.E. Barrett},
	Date-Added = {2012-11-19 13:21:07 +0100},
	Date-Modified = {2012-11-19 13:21:07 +0100},
	Journal = {Acta Psychologica},
	Pages = {23-36},
	Title = {The efficacy of SMARTER --- Simple Multi-Attribute Rating Technique Extended to Ranking},
	Volume = {93},
	Year = {1996}}

@article{Guo2009,
	Author = {M. Guo and J. Yang and K. Chin and H. Wang and X. Liu},
	Date-Added = {2012-11-19 13:21:01 +0100},
	Date-Modified = {2012-11-19 13:21:01 +0100},
	Journal = {IEEE Transactions on Fuzzy Systems},
	Number = {3},
	Pages = {683-697},
	Title = {Evidential reasoning approach for multiattribute decision analysis under both fuzzy and interval uncertainty},
	Volume = {17},
	Year = {2009}}

@article{Zadeh1975,
	Author = {L.A. Zadeh},
	Date-Added = {2012-11-19 13:20:51 +0100},
	Date-Modified = {2012-11-19 13:20:51 +0100},
	Journal = {Information Sciences},
	Pages = {9, 43-80, 199-249, 301-357},
	Title = {The Concept of a Linguistic Variable and its Application to Approximate Reasoning (I)(II)(III)},
	Year = {1975}}

@misc{Menzies2006,
	Author = {T. Menzies and J. Richardson},
	Booktitle = {Software Engineering Workshop, SEW '06. 30th Annual IEEE/NASA},
	Date-Added = {2012-11-19 13:20:35 +0100},
	Date-Modified = {2012-11-19 13:23:42 +0100},
	Pages = {11-20},
	Title = {Qualitative modeling for requirements engineering},
	Year = {2006}}

@book{Adam2008,
	Date-Added = {2012-11-19 13:20:25 +0100},
	Date-Modified = {2012-11-19 13:20:25 +0100},
	Editor = {Frederic Adam and Patrick Humphreys},
	Publisher = {Information Science Reference},
	Title = {Encyclopedia of Decision Making and Decision Support Technologies},
	Year = {2008}}

@article{GrecoRSMCDA,
	Author = {Salvatore Greco and Benedetto Matarazzo and Roman Slowinski},
	Date-Added = {2012-11-19 13:20:21 +0100},
	Date-Modified = {2012-11-19 13:20:21 +0100},
	Journal = {European Journal of Operational Research},
	Owner = {bibe},
	Pages = {1-47},
	Timestamp = {2009.12.19},
	Title = {Rough sets theory for multicriteria decision analysis},
	Volume = {129},
	Year = {2001}}

@article{Moshkovich1995,
	Author = {O.I. Moshkovich and H.M. Larichev},
	Date-Added = {2012-11-19 13:20:12 +0100},
	Date-Modified = {2012-11-19 13:20:12 +0100},
	Journal = {European Journal of Operational Research},
	Pages = {503--521},
	Title = {ZAPROS-LM-- A method and system for ordering multiattribute alternatives},
	Volume = {82},
	Year = {1995}}

@article{Saaty2008,
	Author = {Thomas L. Saaty},
	Date-Added = {2012-11-19 13:20:04 +0100},
	Date-Modified = {2012-11-19 13:20:04 +0100},
	Journal = {Int. J. Services Sciences},
	Number = {2},
	Title = {Decision making with the analytic hierarchy process},
	Volume = {1},
	Year = {2008}}

@article{Jacquet-Lagreze1982,
	Author = {E. Jacquet-Lagreze and J. Siskos},
	Date-Added = {2012-11-19 13:19:57 +0100},
	Date-Modified = {2012-11-19 13:24:29 +0100},
	Journal = {European journal of Operational Research},
	Number = {2},
	Pages = {151--164},
	Title = {Assessing a set of additive utility functions for multicriteria decision making, the UTA method.},
	Volume = {10},
	Year = {1982}}

@book{Figueira2005,
	Address = {Boston, Dordrecht, London},
	Author = {J. Figueira and S. Greco and M. Ehrgott},
	Date-Added = {2012-11-19 13:19:52 +0100},
	Date-Modified = {2012-11-19 13:19:52 +0100},
	Publisher = {Springer Verlag},
	Title = {Multi Criteria Decision Analysis: State of the art survays.},
	Year = {2005}}

@book{Bouyssou2006,
	Address = {Boston, USA},
	Author = {D. Bouyssou and T. Marchant and M. Pirlot and A. Tsouki{\`a}s and P. Vincke},
	Date-Added = {2012-11-19 13:19:30 +0100},
	Date-Modified = {2012-11-19 13:19:30 +0100},
	Publisher = {Springer},
	Title = {Evaluation and Decision Models with Multiple Criteria: Stepping Stones for the Analyst.},
	Year = {2006}}

@book{French,
	Address = {New York, NY, USA},
	Author = {French, Simon},
	Date-Added = {2012-11-19 13:19:22 +0100},
	Date-Modified = {2012-11-19 13:19:22 +0100},
	Isbn = {0470203080},
	Publisher = {Halsted Press},
	Title = {Decision theory: an introduction to the mathematics of rationality},
	Year = {1986}}

@book{Triantaphyllou,
	Author = {E.Triantaphyllou},
	Date-Added = {2012-11-19 13:19:15 +0100},
	Date-Modified = {2012-11-19 13:19:15 +0100},
	Publisher = {Kluwe Academic Publishers, Dordrecht, Netherlands},
	Title = {Multi-Criteria Decision Making Methods: A Comparative Strudy},
	Year = {2000}}

@article{Ronald,
	Author = {Ronald A. Howard},
	Date-Added = {2012-11-19 13:19:08 +0100},
	Date-Modified = {2012-11-19 13:19:08 +0100},
	Journal = {IEEE Transactions on Systems Sciences and Cybernetics},
	Number = {3},
	Pages = {211-219},
	Title = {The Foundations of Decision Analysis},
	Volume = {SSC-4},
	Year = {1968}}

@book{Skinner1999,
	Author = {D.C. Skinner},
	Date-Added = {2012-11-19 13:19:04 +0100},
	Date-Modified = {2012-11-19 13:19:04 +0100},
	Publisher = {Probabilistic Publishing, Gainesville},
	Title = {Introduction to Decision Analysis, A practitioner's Guide to Improving Decision Quality},
	Year = {1999}}

@book{Power2002,
	Author = {D.J. Power},
	Date-Added = {2012-11-19 13:18:56 +0100},
	Date-Modified = {2012-11-19 13:18:56 +0100},
	Publisher = {Quorum Books division Greenwood Publishing},
	Title = {Decision support systems: concepts and resources for managers},
	Year = {2002}}

@book{Burstein2008,
	Date-Added = {2012-11-19 13:18:47 +0100},
	Date-Modified = {2012-11-19 13:18:47 +0100},
	Editor = {F. Burstein and C. W. Holsapple},
	Publisher = {Springer-Verlag Berlin Heidelber},
	Title = {Handbook on Decision Support Systems 1: Basic Themes},
	Year = {2008}}

@conference{Baracskai2003,
	Author = {Z. Baracskai and V. D{\"o}rfler},
	Booktitle = {Paper presented at International Conference on Computational Cybernetics , Si{\'o}fok, Hungary.},
	Date-Added = {2012-11-19 13:18:32 +0100},
	Date-Modified = {2012-11-19 13:18:32 +0100},
	Title = {Automated Fuzzy-Clustering for Doctus Expert System.},
	Year = {2003}}

@manual{BohanecDEXi2011,
	Address = {Ljubljana},
	Author = {Marko Bohanec},
	Date-Added = {2012-11-19 13:16:49 +0100},
	Date-Modified = {2012-11-19 13:26:16 +0100},
	Keywords = {DEXi},
	Organization = {IJS Report DP-10707, Jo{\v z}ef Stefan Institute},
	Title = {DEXi: Program for Multi-Attribute Decision Making: User's manual: version 3.03},
	Year = {2011}}

@incollection{Zopounidis2006,
	Address = {Farmington Hills, Michigen, USA},
	Author = {Constantin Zopounidis and Michael Doumpos},
	Booktitle = {Encyclopedia of Management},
	Date-Added = {2012-11-19 13:16:35 +0100},
	Date-Modified = {2012-11-19 13:16:35 +0100},
	Publisher = {Thomson, Gale},
	Title = {Multiple-Criteria Decision Making},
	Year = {2006}}

@webpage{TheEconomist2010,
	Author = {{The Economist}},
	Date-Added = {2012-11-19 13:16:28 +0100},
	Date-Modified = {2012-11-19 13:16:28 +0100},
	Keywords = {The tyranny of choice},
	Lastchecked = {June, 2012},
	Month = {December},
	Rating = {4},
	Read = {1},
	Title = {The tyranny of choice. {Y}ou choose.},
	Url = {http://www.economist.com/node/17723028},
	Urldate = {16.10.2010},
	Year = {2010},
	Bdsk-Url-1 = {http://www.economist.com/node/17723028}}

@article{Saaty2003a,
	Author = {Thomas L. Saaty},
	Date-Added = {2012-11-19 13:16:21 +0100},
	Date-Modified = {2012-11-19 13:16:21 +0100},
	Journal = {Mathematical and Computer Modelling},
	Owner = {bibe},
	Pages = {233-244},
	Timestamp = {2009.11.19},
	Title = {Why the Magic Number Seven Plus or Minus Two},
	Volume = {38},
	Year = {2003}}

@article{Saaty2003,
	Author = {Thomas L. Saaty},
	Date-Added = {2012-11-19 13:16:19 +0100},
	Date-Modified = {2012-11-19 13:16:19 +0100},
	Journal = {European Journal of Operational Research},
	Keywords = {AHP},
	Owner = {bibe},
	Pages = {85-91},
	Timestamp = {2009.11.19},
	Title = {Decision-making with the AHP: Why is the principal eigenvector necessary},
	Volume = {145},
	Year = {2003}}
